<?xml version="1.0" encoding="UTF-8"?><collection xmlns="http://www.loc.gov/MARC21/slim"><record><leader>00444nam--2200169-u-4500</leader><controlfield tag="001">000050870</controlfield><controlfield tag="002">20161230</controlfield><controlfield tag="005">20161230201048</controlfield><controlfield tag="008">080417s1000------------r-----000-0-eng-d</controlfield><datafield ind1=" " ind2=" " tag="040"><subfield code="a">IFIN-HH</subfield></datafield><datafield ind1=" " ind2=" " tag="080"><subfield code="a">51</subfield></datafield><datafield ind1="1" ind2=" " tag="100"><subfield code="a">Bruter,C.P.,Aragnol,A. and Lichnerowicz,A.(eds.)</subfield></datafield><datafield ind1="1" ind2="0" tag="245"><subfield code="a">Bifurcation Theory, Mechanics and Physics</subfield></datafield><datafield ind1=" " ind2=" " tag="260"><subfield code="a">Dordrecht</subfield><subfield code="b">D.Reidel Publ.Co</subfield><subfield code="c">1983</subfield></datafield><datafield ind1=" " ind2=" " tag="300"><subfield code="a">388 p</subfield></datafield><datafield ind1=" " ind2=" " tag="852"><subfield code="c">51</subfield></datafield><datafield ind1=" " ind2=" " tag="CAT"><subfield code="a">Sys</subfield><subfield code="c">20080417</subfield><subfield code="h">122914</subfield></datafield></record></collection>